<record><leader>00000cas a22000007a 4500</leader><controlfield tag="001">19568779</controlfield><controlfield tag="008">890419d18881934meuwr ne      0    0eng d</controlfield><datafield ind1=" " ind2=" " tag="010"><subfield code="a">sn 89070054 </subfield></datafield><datafield ind1=" " ind2=" " tag="040"><subfield code="a">YOX</subfield><subfield code="b">eng</subfield><subfield code="c">YOX</subfield><subfield code="d">MBN</subfield><subfield code="d">OCLCQ</subfield><subfield code="d">KRTAS</subfield><subfield code="d">OCLCQ</subfield><subfield code="d">OCLCF</subfield><subfield code="d">OCLCO</subfield></datafield><datafield ind1="1" ind2=" " tag="029"><subfield code="a">AU@</subfield><subfield code="b">000020567278</subfield></datafield><datafield ind1=" " ind2=" " tag="042"><subfield code="a">msc</subfield></datafield><datafield ind1=" " ind2=" " tag="043"><subfield code="a">n-us-me</subfield></datafield><datafield ind1="0" ind2="4" tag="245"><subfield code="a">The Old Town enterprise.</subfield></datafield><datafield ind1=" " ind2=" " tag="260"><subfield code="a">Old Town, Me. :</subfield><subfield code="b">C.W. Robbins</subfield></datafield><datafield ind1=" " ind2=" " tag="300"><subfield code="a">v.</subfield></datafield><datafield ind1=" " ind2=" " tag="310"><subfield code="a">Weekly</subfield></datafield><datafield ind1="0" ind2=" " tag="362"><subfield code="a">Vol. 1, no. 1 (Mar. 3, 1888)-v. 46, no. 27 (Sept. 12, 1934).</subfield></datafield><datafield ind1=" " ind2="0" tag="651"><subfield code="a">Old Town (Me.)</subfield><subfield code="v">Newspapers.</subfield></datafield><datafield ind1=" " ind2="7" tag="655"><subfield code="a">Newspapers.</subfield><subfield code="2">fast</subfield><subfield code="0">(OCoLC)fst01423814</subfield></datafield><datafield ind1=" " ind2="7" tag="651"><subfield code="a">Maine</subfield><subfield code="z">Old Town.</subfield><subfield code="2">fast</subfield><subfield code="0">(OCoLC)fst01202986</subfield></datafield><datafield ind1=" " ind2=" " tag="752"><subfield code="a">United States</subfield><subfield code="b">Maine</subfield><subfield code="c">Penobscot</subfield><subfield code="d">Old Town.</subfield></datafield><datafield ind1="0" ind2="0" tag="785"><subfield code="t">Penobscot times and the Old Town enterprise</subfield><subfield code="w">(DLC)sn 96075131</subfield></datafield><datafield ind1=" " ind2=" " tag="938"><subfield code="a">Kirtas Technologies, Inc.</subfield><subfield code="b">KRTS</subfield><subfield code="n">740278</subfield></datafield></record>